%% This BibTeX bibliography file was created using BibDesk.
%% https://bibdesk.sourceforge.io/

%% Created for Arbian Halilaj at 2020-07-12 06:55:55 +0200 


%% Saved with string encoding Unicode (UTF-8)

@article{worldbank2015,
  title={What are Green Bonds?},
  author={{World Bank}},
  year={2015}
}

@techreport{wei1997corruption,
	Author = {Wei, Shang-Jin},
	Date-Added = {2020-07-10 02:06:46 +0200},
	Date-Modified = {2020-07-10 02:06:46 +0200},
	Institution = {National bureau of economic research},
	Title = {Why is corruption so much more taxing than tax? Arbitrariness kills},
	Year = {1997}}

@article{rubin1974estimating,
  title={Estimating causal effects of treatments in randomized and nonrandomized studies.},
  author={Rubin, Donald B},
  journal={Journal of educational Psychology},
  volume={66},
  number={5},
  pages={688--701},
  year={1974},
  publisher={American Psychological Association}
}

@misc{niewager,
  doi = {10.48550/ARXIV.1712.04912},
  
  url = {https://arxiv.org/abs/1712.04912},
  
  author = {Nie, Xinkun and Wager, Stefan},
  
  keywords = {Machine Learning (stat.ML), Econometrics (econ.EM), Statistics Theory (math.ST), FOS: Computer and information sciences, FOS: Computer and information sciences, FOS: Economics and business, FOS: Economics and business, FOS: Mathematics, FOS: Mathematics},
  
  title = {Quasi-Oracle Estimation of Heterogeneous Treatment Effects},
  
  journal = {arXiv},
  
  publisher = {arXiv},
  
  year = {2017},
  
  copyright = {arXiv.org perpetual, non-exclusive license}
}

@article{athey2019generalized,
  title={Generalized random forests},
  author={Athey, Susan and Tibshirani, Julie and Wager, Stefan},
  journal={The Annals of Statistics},
  volume={47},
  number={2},
  pages={1148--1178},
  year={2019},
  publisher={Institute of Mathematical Statistics}
}

@article{blackwell2009cem,
  title={cem: Coarsened exact matching in Stata},
  author={Blackwell, Matthew and Iacus, Stefano and King, Gary and Porro, Giuseppe},
  journal={The Stata Journal},
  volume={9},
  number={4},
  pages={524--546},
  year={2009},
  publisher={SAGE Publications Sage CA: Los Angeles, CA}
}

@article{stuart2008using,
  title={Using full matching to estimate causal effects in nonexperimental studies: examining the relationship between adolescent marijuana use and adult outcomes.},
  author={Stuart, Elizabeth A and Green, Kerry M},
  journal={Developmental psychology},
  volume={44},
  number={2},
  pages={395--406},
  year={2008},
  publisher={American Psychological Association}
}

@article{stuart2010matching,
  title={Matching methods for causal inference: A review and a look forward},
  author={Stuart, Elizabeth A},
  journal={Statistical Science},
  volume={25},
  number={1},
  pages={1--21},
  year={2010},
  publisher={NIH Public Access}
}

@article{iacus2012causal,
  title={Causal inference without balance checking: Coarsened exact matching},
  author={Iacus, Stefano M and King, Gary and Porro, Giuseppe},
  journal={Political analysis},
  volume={20},
  number={1},
  pages={1--24},
  year={2012},
  publisher={Cambridge University Press}
}

@article{liu2022driving,
  title={Driving factors behind the development of China's green bond market},
  author={Liu, Siqin and Qi, Huaijin and Wan, Yinglin},
  journal={Journal of Cleaner Production},
  volume={354},
  pages={131705},
  year={2022},
  publisher={Elsevier}
}

@article{wang2020market,
  title={The market reaction to green bond issuance: Evidence from China},
  author={Wang, Jiazhen and Chen, Xin and Li, Xiaoxia and Yu, Jing and Zhong, Rui},
  journal={Pacific-Basin Finance Journal},
  volume={60},
  pages={1--19},
  year={2020},
  publisher={Elsevier}
}

@journal{atheywagerapplication,
  doi = {10.48550/ARXIV.1902.07409},
  url = {https://arxiv.org/abs/1902.07409},
  author = {Athey, Susan and Wager, Stefan},
  keywords = {Methodology (stat.ME), FOS: Computer and information sciences, FOS: Computer and information sciences},
  title = {Estimating Treatment Effects with Causal Forests: An Application},
  journal = {arXiv},
  year = {2019},
  pages={1--15},
  copyright = {arXiv.org perpetual, non-exclusive license}
}

}

@article{wager2018estimation,
  title={Estimation and inference of heterogeneous treatment effects using random forests},
  author={Wager, Stefan and Athey, Susan},
  journal={Journal of the American Statistical Association},
  volume={113},
  number={523},
  pages={1228--1242},
  year={2018},
  publisher={Taylor \& Francis}
}

@article{international2022green,
  title={Green bond principles: voluntary process guidelines for issuing green bonds},
  author={ICMA},
  year={2022}
}

@article{cbi2016,
  title={Bonds and Climate Change: State of the Market 2016},
  author={CBI},
  year={2016}
}

@article{cbi2017,
  title={Green Bond Pricing in the Primary Market: Jan/2016 - March/2017},
  author={CBI},
  year={2017}
}

@article{ehlers2017green,
  title={Green bond finance and certification},
  author={Ehlers, Torsten and Packer, Frank},
  journal={BIS Quarterly Review September},
  year={2017},
  pages={89--104}
}

@article{zerbib2017green,
  title={The green bond premium},
  author={Zerbib, Olivier David},
  journal={SSRN},
  year={2017},
  pages={1--70}
}

@article{partridge2018green,
  title={Green premium in the primary and secondary US municipal bond markets},
  author={Partridge, Candace and Medda, Francesca},
  journal={SSRN},
  pages{1--20},
  year={2018}
}

@techreport{baker2018financing,
  title={Financing the response to climate change: The pricing and ownership of US green bonds},
  author={Baker, Malcolm and Bergstresser, Daniel and Serafeim, George and Wurgler, Jeffrey},
  year={2018},
  institution={National Bureau of Economic Research},
  pages={1--44}
}

@article{fama2007disagreement,
  title={Disagreement, tastes, and asset prices},
  author={Fama, Eugene F and French, Kenneth R},
  journal={Journal of financial economics},
  volume={83},
  number={3},
  pages={667--689},
  year={2007},
  publisher={Elsevier}
}

@article{gianfrate2019green,
  title={The green advantage: Exploring the convenience of issuing green bonds},
  author={Gianfrate, Gianfranco and Peri, Mattia},
  journal={Journal of cleaner production},
  volume={219},
  pages={127--135},
  year={2019},
  publisher={Elsevier}
}

@article{larcker2020s,
  title={Where's the greenium?},
  author={Larcker, David F and Watts, Edward M},
  journal={Journal of Accounting and Economics},
  volume={69},
  number={2-3},
  pages={1--26},
  year={2020},
  publisher={Elsevier}
}

@article{tang2020shareholders,
  title={Do shareholders benefit from green bonds?},
  author={Tang, Dragon Yongjun and Zhang, Yupu},
  journal={Journal of Corporate Finance},
  volume={61},
  pages={1--18},
  year={2020},
  publisher={Elsevier}
}

@article{wang2020benefits,
  title={The Benefits of Issuing Green Bonds: Evidence From China Green Bonds Market},
  author={Wang, Dong and Li, Ping},
  journal={SSRN},
  year={2020},
  pages={1--17}
}

@article{sheng2021financing,
  title={Financing for sustainability: Empirical analysis of green bond premium and issuer heterogeneity},
  author={Sheng, Qiaoyan and Zheng, Xuan and Zhong, Nian},
  journal={Natural Hazards},
  volume={107},
  number={3},
  pages={2641--2651},
  year={2021},
  publisher={Springer}
}

@article{agliardi2021corporate,
  title={Corporate green bonds: Understanding the greenium in a two-factor structural model},
  author={Agliardi, Elettra and Agliardi, Rossella},
  journal={Environmental and Resource Economics},
  volume={80},
  number={2},
  pages={257--278},
  year={2021},
  publisher={Springer}
}

@inproceedings{kapraun2021credibly,
  title={(In)-credibly green: which bonds trade at a green bond premium?},
  author={Kapraun, Julia and Latino, Carmelo and Scheins, Christopher and Schlag, Christian},
  booktitle={Proceedings of Paris December 2019 Finance Meeting EUROFIDAI-ESSEC},
  year={2021}
}

@article{loffler2021drivers,
  title={Drivers of green bond issuance and new evidence on the "greenium"},
  author={L{\"o}ffler, Kristin Ulrike and Petreski, Aleksandar and Stephan, Andreas},
  journal={Eurasian Economic Review},
  volume={11},
  number={1},
  pages={1--24},
  year={2021},
  publisher={Springer}
}

@article{daubanes2021firms,
  title={Why Do Firms Issue Green Bonds?},
  author={Daubanes, Julien Xavier and Mitali, Shema Fr{\'e}d{\'e}ric and Rochet, Jean-Charles},
  journal={Swiss Finance Institute Research Paper},
  number={21-97},
  year={2021},
  pages={1--39}
}

@article{fatica2021pricing,
  title={The pricing of green bonds: are financial institutions special?},
  author={Fatica, Serena and Panzica, Roberto and Rancan, Michela},
  journal={Journal of Financial Stability},
  volume={54},
  pages={1--20},
  year={2021},
  publisher={Elsevier}
}

@article{caramichael2022green,
  title={The Green Corporate Bond Issuance Premium},
  author={Caramichael, John and Rapp, Andreas C},
  journal={International Finance Discussion Paper},
  number={1346},
  year={2022}
  pages={1--45}
}

@article{breiman2001random,
  title={Random forests},
  author={Breiman, Leo},
  journal={Machine learning},
  volume={45},
  number={1},
  pages={5--32},
  year={2001},
  publisher={Springer}
}

@misc{athey,
    author={Athey, Susan and Wager, Stefan and Hadad, Victor and Klosin, Sylvia and Muhelbach, Nicolaj and Nie, Xinkun and Schaelling, Matt},
    title={Estimation of Heterogeneous Treatment Effects
    prepared for "Machine Learning and Causal Inference" class},
    year={2020},
    url={https://gsbdbi.github.io/ml_tutorial/hte_tutorial/hte_tutorial.html#hte_2:_causal_forests_and_the_r-learner}
}

@article{o2018causal,
  title={Causal tree estimation of heterogeneous household response to time-of-use electricity pricing schemes},
  author={O'Neill, Eoghan and Weeks, Melvyn},
  journal={arXiv},
  year={2018},
  pages{1--34}
}

@article{oecd2021,
  title={Financial Markets and Climate Transition: Opportunities, Challenges and Policy Implications},
  author={OECD},
  year={2021},
  publisher={OECD Paris}
}

@article{barclays,
  title={The Cost of Being Green},
  author={Barclays},
  year={2015}
}

@book{bekes2021data,
  title={Data Analysis for Business, Economics, and Policy},
  author={B{\'e}k{\'e}s, G{\'a}bor and K{\'e}zdi, G{\'a}bor},
  year={2021},
  publisher={Cambridge University Press}
}

@article{akerlof1970market,
  title={The Market for "Lemons": Quality Uncertainty and the Market Mechanism},
  author={Akerlof, George A},
  journal={The Quarterly Journal of Economics},
  volume={84},
  number={3},
  pages={488--500},
  year={1970}
}

@book{wooldridge2010econometric,
  title={Econometric analysis of cross section and panel data},
  author={Wooldridge, Jeffrey M},
  year={2010},
  publisher={MIT press}
}

@article{cox2005theory,
  title={A theory of the term structure of interest rates},
  author={Cox, John C and Ingersoll Jr, Jonathan E and Ross, Stephen A},
  pages={385--407},
  year={1985},
  volume={53},
  number={2},
  journal={Econometrica}
}

